@article{CHERRY2000117,
title = "How to make a Biological Switch",
journal = "Journal of Theoretical Biology",
volume = "203",
number = "2",
pages = "117 - 133",
year = "2000",
note = "",
issn = "0022-5193",
doi = "10.1006/jtbi.2000.1068",
url = "http://www.sciencedirect.com/science/article/pii/S0022519300910683",
author = "Joschua L Cherry and Frederick R Adler"
}

